@TechReport{imagenet,
author = {Alex Krizhevsky and Ilya Sutskever and Geoffrey E. Hinton},
title = {ImageNet Classification with Deep Convolutional Neural Networks},
institution = {University of Toronto},
year = {2017},
}

@TechReport{medical,
author = {Qing Li and Weidong Cai and Xiaogang Wang and Yun Zhou and David Dagan Feng and Mei Chen},
title = {Medical Image Classification with Convolutional Neural Network},
institution = {University of Sydney, Australia},
year = {2014},
}